<?xml version="1.0" encoding="UTF-8"?><collection xmlns="http://www.loc.gov/MARC21/slim"><record><leader>00419nam--2200157-i-4500</leader><controlfield tag="001">000047712</controlfield><controlfield tag="002">20161230</controlfield><controlfield tag="005">20170111004759</controlfield><controlfield tag="008">060222s1000------------r-----000-0-eng-d</controlfield><datafield ind1=" " ind2=" " tag="080"><subfield code="a">621.38(0430</subfield></datafield><datafield ind1=" " ind2=" " tag="100"><subfield code="a">Woelk,Egbert</subfield></datafield><datafield ind1=" " ind2=" " tag="245"><subfield code="a">Movpe von gainas/inp fur hipolare bauelemente</subfield><subfield code="b">Dissert</subfield></datafield><datafield ind1=" " ind2=" " tag="260"><subfield code="a">Aachen</subfield><subfield code="b">Rheinisch-Westfalischen Techn</subfield><subfield code="c">1989</subfield></datafield><datafield ind1=" " ind2=" " tag="300"><subfield code="a">117 p</subfield></datafield><datafield ind1=" " ind2=" " tag="852"><subfield code="a">78993</subfield></datafield><datafield ind1=" " ind2=" " tag="CAT"><subfield code="a">SYS</subfield><subfield code="c">20170111</subfield><subfield code="h">004759</subfield></datafield></record></collection>